<?xml version="1.0" encoding="UTF-8"?><collection xmlns="http://www.loc.gov/MARC21/slim"><record><leader>00535nam--2200181-i-4500</leader><controlfield tag="001">000043337</controlfield><controlfield tag="002">20161230</controlfield><controlfield tag="005">20161230201044</controlfield><controlfield tag="008">060222s1000------------r-----000-0-eng-d</controlfield><datafield ind1=" " ind2=" " tag="040"><subfield code="a">IFIN-HH</subfield></datafield><datafield ind1=" " ind2=" " tag="080"><subfield code="a">539.124</subfield></datafield><datafield ind1="1" ind2=" " tag="100"><subfield code="a">Zuppinger, A</subfield></datafield><datafield ind1="1" ind2="0" tag="245"><subfield code="a">Symposium on high-energy electrons</subfield><subfield code="b">Montreaux, switzerland, 7th to 11 th september 1964</subfield><subfield code="c">A. zuppinger; g.foretti (eds.)</subfield></datafield><datafield ind1=" " ind2=" " tag="260"><subfield code="a">Berlin</subfield><subfield code="b">Springer-verlag</subfield><subfield code="c">1965</subfield></datafield><datafield ind1=" " ind2=" " tag="300"><subfield code="a">IX + 425 P</subfield></datafield><datafield ind1="1" ind2=" " tag="700"><subfield code="a">Foretti, G</subfield><subfield code="e">Ed</subfield></datafield><datafield ind1=" " ind2=" " tag="852"><subfield code="a">24014</subfield><subfield code="c">639.131</subfield></datafield><datafield ind1=" " ind2=" " tag="CAT"><subfield code="a">Sys</subfield><subfield code="c">20120228</subfield><subfield code="h">162807</subfield></datafield></record></collection>